<?xml version="1.0" encoding="UTF-8"?><collection xmlns="http://www.loc.gov/MARC21/slim"><record><leader>00391nam--2200133-i-4500</leader><controlfield tag="001">000040619</controlfield><controlfield tag="002">20161230</controlfield><controlfield tag="005">20161230201042</controlfield><controlfield tag="008">060222s1000------------r-----000-0-eng-d</controlfield><datafield ind1=" " ind2=" " tag="080"><subfield code="a">550.34(430.1)</subfield></datafield><datafield ind1=" " ind2=" " tag="100"><subfield code="a">Schneider,G</subfield></datafield><datafield ind1=" " ind2=" " tag="245"><subfield code="a">Die erdbeben in baden-wurttemberg 1955-1962</subfield></datafield><datafield ind1=" " ind2=" " tag="260"><subfield code="a">Stuttgart, Verfoffentlichungen Des Landeserdbendienstes Baden-wurttemberg, 1964. 46 P</subfield></datafield><datafield ind1=" " ind2=" " tag="852"><subfield code="a">47620</subfield></datafield></record></collection>